@article{rethinking-the-inception-architecture,
  title={Rethinking the Inception Architecture for Computer Vision},
  author={Christian Szegedy and Vincent Vanhoucke and Sergey Ioffe and Jonathon Shlens and Zbigniew Wojna},
  journal={2016 IEEE Conference on Computer Vision and Pattern Recognition (CVPR)},
  year={2016},
  pages={2818-2826}
}
@inproceedings{one-billion-words,
  title={One Billion Word Benchmark for Measuring Progress in Statistical Language Modeling},
  author={Ciprian Chelba and Tomas Mikolov and Mike Schuster and Qi Ge and Thorsten Brants and Phillipp Koehn},
  booktitle={INTERSPEECH},
  year={2014}
}
