@article{Hochreiter1997LongSM,
  title={Long Short-Term Memory},
  author={Sepp Hochreiter and J{\"u}rgen Schmidhuber},
  journal={Neural Computation},
  year={1997},
  volume={9},
  pages={1735-1780}
}
@article{Schmidhuber2015DeepLI,
  title={Deep learning in neural networks: An overview},
  author={J{\"u}rgen Schmidhuber},
  journal={Neural networks : the official journal of the International Neural Network Society},
  year={2015},
  volume={61},
  pages={85-117}
}
@inproceedings{Pennington2014GloveGV,
  title={Glove: Global Vectors for Word Representation},
  author={Jeffrey Pennington and Richard Socher and Christopher D. Manning},
  booktitle={EMNLP},
  year={2014}
}
@article{Lin2017ASS,
  title={A Structured Self-attentive Sentence Embedding},
  author={Zhouhan Lin and Minwei Feng and C{\'i}cero Nogueira dos Santos and Mo Yu and Bing Xiang and Bowen Zhou and Yoshua Bengio},
  journal={CoRR},
  year={2017},
  volume={abs/1703.03130}
}
@inproceedings{Gal2016ATG,
  title={A Theoretically Grounded Application of Dropout in Recurrent Neural Networks},
  author={Yarin Gal and Zoubin Ghahramani},
  booktitle={NIPS},
  year={2016}
}
@article{Kingma2014AdamAM,
  title={Adam: A Method for Stochastic Optimization},
  author={Diederik P. Kingma and Jimmy Ba},
  journal={CoRR},
  year={2014},
  volume={abs/1412.6980}
}
@article{Pascanu2012UnderstandingTE,
  title={Understanding the exploding gradient problem},
  author={Razvan Pascanu and Tomas Mikolov and Yoshua Bengio},
  journal={CoRR},
  year={2012},
  volume={abs/1211.5063}
}
@article{SzegedyChristian2015RtIA,
  year = {2015},
  title = {Rethinking the Inception Architecture for Computer Vision},
  author = {Szegedy, Christian and Vanhoucke, Vincent and Ioffe, Sergey and Shlens, Jonathon and Wojna, Zbigniew},
  keywords = {Computer Science - Computer Vision And Pattern Recognition},
}
@inproceedings{huang2017densely,
  title={Densely connected convolutional networks},
  author={Huang, Gao and Liu, Zhuang and van der Maaten, Laurens and Weinberger, Kilian Q },
  booktitle={Proceedings of the IEEE Conference on Computer Vision and Pattern Recognition},
  year={2017}
}
@article{RajaramanSivaramakrishnan2018Pcnn,
  number = {4},
  year = {2018},
  title = {Pre-trained convolutional neural networks as feature extractors toward improved malaria parasite detection in thin blood smear images.(Report)},
  language = {eng},
  author = {Rajaraman, Sivaramakrishnan and Antani, Sameer K. and Poostchi, Mahdieh and Silamut, Kamolrat and Hossain, Md. A. and Maude, Richard J. and Jaeger, Stefan and Thoma, George R.},
  keywords = {Health Screening â€“ Methods ; Machine Learning â€“ Methods ; Malaria â€“ Diagnosis ; Diagnostic Imaging â€“ Methods ; Disease Transmission â€“ Analysis ; Plasmodium Falciparum â€“ Health Aspects ; Artificial Neural Networks â€“ Methods},
  issn = {2167-8359},
  journal = {PeerJ},
  volume = {6},
  publisher = {PeerJ. Ltd.},
}
@article{PleissGeoff2017MIoD,
  year = {2017},
  title = {Memory-Efficient Implementation of DenseNets},
  author = {Pleiss, Geoff and Chen, Danlu and Huang, Gao and Li, Tongcheng and van der Maaten, Laurens and Weinberger, Kilian Q.},
  keywords = {Computer Science - Computer Vision And Pattern Recognition},
}
@misc{chollet2015keras,
  title={Keras},
  author={Chollet, Fran\c{c}ois and others},
  year={2015},
  howpublished={\url{https://keras.io}},
}
@inproceedings{Ramachandran2001SynaesthesiaA,
  title={Synaesthesia — A Window Into Perception , Thought and Language},
  author={Vilayanur S. Ramachandran and Edward M Hubbard},
  year={2001}
}